@string{ abnt.10520.2001.header = "$Header: /home/cvsroot/abntex/texmf/bibtex/bib/abntex/abnt-10520-2001.bib,v 1.2 2003/04/12 21:46:39 gweber Exp $"}
@book{10520:4.1-1,
 author  ={X. Y. Z. Authler-Reiriz},
 year    =1982,
 title   ={Exemplo de cita{\c c}\~ao no texto}}
@book{10520:4.1-2,
 author  ={X. Y. Z. Derrida},
 year    =1967,
 title   ={Exemplo de cita{\c c}\~ao no texto},
 pages   =293}
@book{10520:4.1-3,
 year    =1978,
 title   ={Depoimento sobre qualquer coisa},
 pages   ={101-114}}
@book{10520:4.2-1,
 author  ={X. Y. Z. Mumford},
 year    =1949,
 title   ={Exemplo de cita{\c c}\~ao no texto}}
@book{10520:4.2-2,
 author  ={X. Y. Z. Oliveira and X. Y. Z. Leonardos},
 year    =1943,
 title   ={Exemplo de cita{\c c}\~ao no texto}}
@book{10520:4.2-3,
 author  ={X. Y. Z. Pereira~de~S\'a},
 year    =1995,
 title   ={Exemplo de cita{\c c}\~ao no texto}}
@book{10520:4.8,
 author  ={X. Y. Z. Souto},
 year    =1916,
 title   ={Exemplo de cita{\c c}\~ao no texto}}
@book{10520:4.8.1,
 author  ={X. Y. Z. Candido},
 year    =1993,
 title   ={Exemplo de cita{\c c}\~ao no texto}}
@book{10520:5.1.3a,
 author  ={X. Y. Z. Reeside},
 year    =1927,
 title   ={Exemplo de cita{\c c}\~ao no texto}}
@book{10520:5.1.3b,
 author  ={X. Y. Z. Reeside},
 year    =1927,
 title   ={Exemplo de cita{\c c}\~ao no texto}}
@book{10520:5.1.4,
 author  ={X. Y. Z. Cruz and X. Y. Z. Correa and X. Y. Z. Costa},
 year    =1998,
 title   ={Exemplo de cita{\c c}\~ao no texto}}
@book{10520:5.1.4-98,
 author  ={X. Y. Z. Cruz and X. Y. Z. Correa and X. Y. Z. Costa},
 year    =1998,
 title   ={Exemplo de cita{\c c}\~ao no texto}}
@book{10520:5.1.4-99,
 author  ={X. Y. Z. Cruz and X. Y. Z. Correa and X. Y. Z. Costa},
 year    =1999,
 title   ={Exemplo de cita{\c c}\~ao no texto}}
@book{10520:5.1.4-00,
 author  ={X. Y. Z. Cruz and X. Y. Z. Correa and X. Y. Z. Costa},
 year    =2000,
 title   ={Exemplo de cita{\c c}\~ao no texto}}
@book{10520:5.1.5a,
 author  ={X. Y. Z. Fonseca},
 year    =1997,
 title   ={Exemplo de cita{\c c}\~ao no texto}}
@book{10520:5.1.5b,
 author  ={X. Y. Z. Paiva},
 year    =1997,
 title   ={Exemplo de cita{\c c}\~ao no texto}}
@book{10520:5.1.5c,
 author  ={X. Y. Z. Silva},
 year    =1997,
 title   ={Exemplo de cita{\c c}\~ao no texto}}
@book{10520:5.1.5ab,
 author  ={X. Y. Z. Fonseca and X. Y. Z. Paiva},
 year    =1997,
 title   ={Exemplo de cita{\c c}\~ao no texto}}
@book{Evans,
 author  ={X. Y. Z. Evans},
 year    =1987,
 title   ={Exemplo de cita{\c c}\~ao no texto}}
@hidden{Sage,
 author  ={X. Y. Z. Sage},
 year    =1992,
 title   ={Exemplo de cita{\c c}\~ao no texto}}
@hidden{Silva,
 author  ={X. Y. Z. Silva},
 year    =1992}
@book{Abreu,
 author  ={X. Y. Z. Abreu},
 year    =1999,
 title   ={Exemplo de cita{\c c}\~ao no texto}}


