@string{ abnt.bibtex.doc.header = "$Header: /home/cvsroot/abntex/texmf/bibtex/bib/abntex/abnt-bibtex-doc.bib,v 1.9 2003/03/21 18:28:51 gweber Exp $"}
@ABNT-options{ABNT-default,
 abnt-emphasize="\emph",
 abnt-repeated-field-omit="no",
 abnt-full-initials="no",
 abnt-show-options="warn",
 abnt-thesis-year="final",
 key="x"}
@ABNT-options{ABNT-options0,
 abnt-show-options="list",
 key="a"}
@ABNT-options{ABNT-options-bf,
 abnt-emphasize="\textbf",
 key="x"}
@ABNT-options{ABNT-options1,
 abnt-full-initials="yes",
 key="x"}
@ABNT-options{ABNT-options2,
 abnt-full-initials="no",
 key="x"}
@ABNT-options{ABNT-options3,
 abnt-thesis-year="title",
 key="x"}
@ABNT-options{ABNT-options4,
 abnt-thesis-year="both",
 key="x"}
@ABNT-options{ABNT-options5,
 abnt-thesis-year="final",
 key="x"}
@ABNT-options{ABNT-options6,
 abnt-etal-list=0,
 key="x"}
@ABNT-options{ABNT-final,
 abnt-emphasize="\textbf",
 abnt-repeated-field-omit="no",
 abnt-full-initials="no",
 abnt-show-options="list",
 abnt-thesis-year="final",
 abnt-etal-list=3,
 key="x"}
@ABNT-options{ABNT-barcelos0,
 abnt-thesis-year="title",
 key="x"}
@ABNT-options{ABNT-barcelos1,
 abnt-thesis-year="final",
 key="x"}
@ABNT-options{abnt-no-etal-label,
 abnt-no-etal-label="no",key="aaaa"}
@ABNT-options{abnt-etal-label,
 abnt-no-etal-label="yes",key="aaaa"}
@ABNT-options{7.9.3-2:begin,
 abnt-full-initials="yes",
 key="x"}
@ABNT-options{7.9.3-2:end,
 abnt-full-initials="no",
 key="x"}
@ABNT-options{8.5.2-1:begin,
 abnt-full-initials="yes",
 key="x"}
@ABNT-options{8.5.2-1:end,
 abnt-full-initials="no",
 key="x"}
