@string{ abnt.nrj.header = "$Header: /home/cvsroot/abntex/texmf/bibtex/bib/abntex/abnt-nrj.bib,v 1.1 2002/11/22 00:27:58 gweber Exp $"}
@preamble{ "\setlength{\rightskip}{0pt plus 2cm}"}