% $Id: abnt-classe-doc.bib,v 1.2 2005/06/10 19:38:33 gweber Exp $
@manual{cod-catalog,
organization ={FEBAB},
title ={C\'odigo de Cataloga\c{c}\~ao Anglo-Americano 2},
address ={S\~ao Paulo},
year   = {1983--1985}}
@manual{desktop-publishing,
author ={B. Goatly},
title  ={Desktop-Publishing on the Arquimedes: DTP for all},
address={Reino Unido},
publisher={Sigma},
year   ={1991}}
@book{Nicholis,
author = {A. B. Nicholis},
title  ={Algum t\'{\i}tulo},
year   =1983}