@string{ abntex.doc.header = "$Header: /home/cvsroot/abntex/texmf/bibtex/bib/abntex/abntex-doc.bib,v 1.2 2005/06/10 19:39:47 gweber Exp $"}
@manual{abnt-bibtex-doc,
 author={Gerald Weber},
 organization={Grupo abnTeX},
 title={Estilo bibtex compat{\'\i}vel com a `norma' 6023/2000 da {ABNT}},
 year={2003},
 url={http://abntex.codigolivre.org.br}}
@manual{abnt-bibtex-alf-doc,
 author={Gerald Weber},
 organization={Grupo abnTeX},
 title={Estilo bibtex compat{\'\i}vel com a `norma' 6023/2000 da {ABNT}},
 subtitle={Quest\~oes espec{\'\i}ficas da `norma' 10520/2001},
 year={2003},
 url={http://abntex.codigolivre.org.br}}
@manual{abnt-classe-doc,
 author={Santini Frasson, Miguel Vin\'{\i}cius},
 organization={Grupo abnTeX},
 title={Classe {ABNT}},
 subtitle={confec\c{c}\~ao de trabalhos acad\^emicos em {\LaTeX} segundo as normas {ABNT}},
 year={2002},
 url={http://abntex.codigolivre.org.br}}
@manual{tabela-simbolos-doc,
 author={Gerald Weber},
 organization={Grupo abnTeX},
 title={Tabelas de s\'{\i}mbolos usando makeindex},
 year={2003},
 url={http://abntex.codigolivre.org.br}}
