@string{ normas.header = "$Header: /home/cvsroot/abntex/texmf/bibtex/bib/abntex/normas.bib,v 1.11 2005/06/08 20:51:50 gweber Exp $"}
@manual{NBR6021:1994,
 organization={Associa{\c c}\~ao Brasileira de Normas T\'ecnicas},
 org-short={ABNT},
 title   ={{NBR} 6021},
 subtitle={Apresenta{\c c}\~ao de peri\'odicos},
 address ={Rio de Janeiro},
 pages   =3,
 month   =oct,
 year    =1994}
@manual{NBR6022:1994,
 organization={Associa{\c c}\~ao Brasileira de Normas T\'ecnicas},
 org-short={ABNT},
 title   ={{NBR} 6022},
 subtitle={Apresenta{\c c}\~ao de artigos em publica{\c c}\~oes peri\'odicos},
 address ={Rio de Janeiro},
 pages   =2,
 month   =aug,
 year    =1994}
@manual{NBR6023:2002,
 organization={Associa{\c c}\~ao Brasileira de Normas T\'ecnicas},
 org-short={ABNT},
 title   ={{NBR} 6023},
 subtitle={Informa{\c c}\~ao e documenta{\c c}\~ao --- Refer\^encias --- Elabora{\c c}\~ao},
 address ={Rio de Janeiro},
 pages   =24,
 month   =aug,
 year    =2002,
 note    ={Substitui a Ref.~\citeonline{NBR6023:2000}}}
@manual{NBR6023:2000,
 organization={Associa{\c c}\~ao Brasileira de Normas T\'ecnicas},
 org-short={ABNT},
 title   ={{NBR} 6023},
 subtitle={Informa{\c c}\~ao e documenta{\c c}\~ao --- Refer\^encias --- Elabora{\c c}\~ao},
 address ={Rio de Janeiro},
 pages   =22,
 month   =aug,
 year    =2000}
@manual{NBR6024:1989,
 organization={Associa{\c c}\~ao Brasileira de Normas T\'ecnicas},
 org-short={ABNT},
 title   ={{NBR} 6024},
 subtitle={Numera{\c c}\~ao progressiva das se{\c c}\~oes de um documento},
 address ={Rio de Janeiro},
 month   =aug,
 pages   =2,
 year    =1989}
@manual{NBR6025:2002,
 organization={Associa{\c c}\~ao Brasileira de Normas T\'ecnicas},
 org-short={ABNT},
 title   ={{NBR} 6025},
 subtitle={Informa{\c c}\~ao e documenta{\c c}\~ao ---
          Revis\~ao de originais e provas},
 address ={Rio de Janeiro},
 month   =set,
 pages   =6,
 year    =1989}
@manual{NBR6026:1994,
 organization={Associa{\c c}\~ao Brasileira de Normas T\'ecnicas},
 org-short={ABNT},
 title   ={{NBR} 6026},
 subtitle={Legenda bibliogr\'afica},
 address ={Rio de Janeiro},
 month   =mar,
 pages   =2,
 year    =1994}
@manual{NBR6027:1989,
 organization={Associa{\c c}\~ao Brasileira de Normas T\'ecnicas},
 org-short={ABNT},
 title   ={{NBR} 6027},
 subtitle={Sum\'ario},
 address ={Rio de Janeiro},
 month   =aug,
 pages   =2,
 year    =1989}
@manual{NBR6028:1980,
 organization={Associa{\c c}\~ao Brasileira de Normas T\'ecnicas},
 org-short={ABNT},
 title   ={{NBR} 6028},
 subtitle={Resumos},
 address ={Rio de Janeiro},
 year    =1980}
@manual{NBR6028:1990,
 organization={Associa{\c c}\~ao Brasileira de Normas T\'ecnicas},
 org-short={ABNT},
 title   ={{NBR} 6028},
 subtitle={Resumos},
 address ={Rio de Janeiro},
 month   =may,
 pages   =3,
 year    =1990}
@manual{NBR6029:2002,
 organization={Associa{\c c}\~ao Brasileira de Normas T\'ecnicas},
 org-short={ABNT},
 title   ={{NBR} 6029},
 subtitle={Informa{\c c}\~ao e documenta{\c c}\~ao ---
          Livros e folhetos --- Apresenta{\c c}\~ao},
 address ={Rio de Janeiro},
 month   =sep,
 pages   =9,
 year    =2002}
@manual{NBR6032:1989,
 organization={Associa{\c c}\~ao Brasileira de Normas T\'ecnicas},
 org-short={ABNT},
 title   ={{NBR} 6032},
 subtitle={Abrevia{\c c}\~oes de T{\'\i}tulos de peri\'odicos e publica{\c c}\~oes
          seriadas},
 address ={Rio de Janeiro},
 month   =aug,
 pages   =14,
 year    =1989}
@manual{NBR6033:1989,
 organization={Associa{\c c}\~ao Brasileira de Normas T\'ecnicas},
 org-short={ABNT},
 title   ={{NBR} 6033},
 subtitle={Ordem alfab\'etica},
 address ={Rio de Janeiro},
 month   =aug,
 pages   =5,
 year    =1989}
@manual{NBR6034:1989,
 organization={Associa{\c c}\~ao Brasileira de Normas T\'ecnicas},
 org-short={ABNT},
 title   ={{NBR} 6034},
 subtitle={Prepara\c{c}\~ao de \'{\i}ndice de publica\c{c}\~oes},
 address ={Rio de Janeiro},
 month   =aug,
 pages   =3,
 year    =1989}
@manual{NBR10520:1988,
 organization={Associa{\c c}\~ao Brasileira de Normas T\'ecnicas},
 org-short={ABNT},
 title   ={{NBR} 10520},
 subtitle={Apresenta{\c c}\~ao de cita{\c c}\~oes em documentos --- Procedimentos},
 address ={Rio de Janeiro},
 pages   =3,
 month   =oct,
 year    =1988}
@manual{NBR10520:2001,
 organization={Associa{\c c}\~ao Brasileira de Normas T\'ecnicas},
 org-short={ABNT},
 title   ={{NBR} 10520},
 subtitle={Informa{\c c}\~ao e documenta{\c c}\~ao --- Apresenta{\c c}\~ao de cita{\c c}\~oes
           em documentos},
 address ={Rio de Janeiro},
 pages   =4,
 month   =jul,
 year    =2001,
 note    = {Substitui a Ref.~\citeonline{NBR10520:1988}}}
@manual{NBR10520:2002,
 organization={Associa{\c c}\~ao Brasileira de Normas T\'ecnicas},
 org-short={ABNT},
 title   ={{NBR} 10520},
 subtitle={Informa{\c c}\~ao e documenta{\c c}\~ao --- Apresenta{\c c}\~ao de cita{\c c}\~oes
           em documentos},
 address ={Rio de Janeiro},
 pages   =7,
 month   =aug,
 year    =2002,
 note    ={Substitui a Ref.~\citeonline{NBR10520:2001}}}
@manual{NBR10522:1988,
 organization={Associa{\c c}\~ao Brasileira de Normas T\'ecnicas},
 org-short={ABNT},
 title   ={{NBR} 10522},
 subtitle={Abrevi{\c c}\~ao na descri{\c c}\~ao bibliogr\'afica},
 address ={Rio de Janeiro},
 pages   =9,
 month   =oct,
 year    =1988}
@manual{NBR10523:1988,
 organization={Associa{\c c}\~ao Brasileira de Normas T\'ecnicas},
 org-short={ABNT},
 title   ={{NBR} 10523},
 subtitle={Entrada para nomes de l{\'\i}ngua portuguesa em registros bibliogr\'aficos},
 address ={Rio de Janeiro},
 pages   =5,
 month   =oct,
 year    =1988}
@manual{NBR10719:1989,
 organization={Associa{\c c}\~ao Brasileira de Normas T\'ecnicas},
 org-short={ABNT},
 title   ={Apresenta{\c c}\~ao de relat\'orios t\'ecnico-cient{\'\i}ficos},
 address ={Rio de Janeiro},
 year    =1989,
 pages   =17,
 month   =aug}
@manual{NBR12256:1992,
 organization={Associa{\c c}\~ao Brasileira de Normas T\'ecnicas},
 org-short={ABNT},
 title   ={Apresenta{\c c}\~ao de originais},
 address ={Rio de Janeiro},
 year    =1992,
 pages   =4,
 month   =apr}
@manual{NBR14724:2002,
 organization={Associa{\c c}\~ao Brasileira de Normas T\'ecnicas},
 org-short={ABNT},
 title   ={{NBR} 14724},
 subtitle={Informa{\c c}\~ao e documenta{\c c}\~ao ---
          trabalhos acad\^emicos --- apresenta{\c c}\~ao},
 address ={Rio de Janeiro},
 month   =aug,
 pages   =6,
 year    =2002,
 note    ={Substitui a Ref.~\citeonline{NBR14724:2001}}}
@manual{NBR14724:2001,
 organization={Associa{\c c}\~ao Brasileira de Normas T\'ecnicas},
 org-short={ABNT},
 title   ={{NBR} 14724},
 subtitle={Informa{\c c}\~ao e documenta{\c c}\~ao ---
          trabalhos acad\^emicos --- apresenta{\c c}\~ao},
 address ={Rio de Janeiro},
 month   =jul,
 pages   =6,
 year    =2001}
@manual{ISO4:1997,
 organization={International Standards Organization},
 org-short={ISO},
 title    ={{ISO} 4:1997},
 subtitle ={Information and documentation
            --- {R}ules for the abbreviation of title words and titles of publications},
 year     =1997}
@manual{ISO214:1976,
 organization={International Standards Organization},
 org-short={ISO},
 title    ={{ISO} 214:1976},
 subtitle ={Documentation --- {A}bstracts for publications and documentation},
 year     =1976}
@manual{ISO215:1986,
 organization={International Standards Organization},
 org-short={ISO},
 title    ={{ISO} 215:1986},
 subtitle ={Documentation --- {P}resentation of contributions to periodicals and other serials},
 year     =1986}
@manual{ISO639-1:2002,
 organization={International Standards Organization},
 org-short={ISO},
 title    ={{ISO} 639-1:2002},
 subtitle ={Codes for the representation of names of languages --- {P}art 1: Alpha-2 code},
 year     =2002}
@manual{ISO639-2:1998,
 organization={International Standards Organization},
 org-short={ISO},
 title    ={{ISO} 639-2:1998},
 subtitle ={Codes for the representation of names of languages -- {P}art 2: Alpha-3 code},
 year     =1998}
@manual{ISO690:1987,
 organization={International Standards Organization},
 org-short={ISO},
 title    ={{ISO} 690:1987},
 subtitle ={Information and documentation
           --- {B}ibliographic references
	   --- {C}ontent, form and structure},
 year     =1987,
 url      ={http://www.nlc-bnc.ca/iso/tc46sc9/standard/690-1e.htm},
 urlaccessdate={31 mar. 2003}}
@manual{ISO690-2:1997,
 organization={International Standards Organization},
 org-short={ISO},
 title    ={{ISO} 690-2},
 subtitle ={Information and documentation
           --- {B}ibliographic references {P}art 2: Electronic documents or parts thereof},
 year     =1997,
 url      ={http://www.nlc-bnc.ca/iso/tc46sc9/standard/690-2e.htm},
 urlaccessdate={31 mar. 2003}}
@manual{ISO832:1994,
 organization={International Standards Organization},
 org-short={ISO},
 title    ={{ISO} 832:1994},
 subtitle ={Information and documentation 
           --- {B}ibliographic description and references
	   --- {R}ules for the abbreviation of bibliographic terms},
 year     =1994,
 url      ={http://www.nlc-bnc.ca/iso/tc46sc9/standard/832e.htm},
 urlaccessdate={31 mar. 2003}}
@manual{ISO999:1996,
 organization={International Standards Organization},
 org-short={ISO},
 title    ={{ISO} 999:1996},
 subtitle ={Information and documentation 
            --- Guidelines for the content, organization and presentation of indexes},
 year     =1996,
 url      ={http://www.nlc-bnc.ca/iso/tc46sc9/standard/999e.htm},
 urlaccessdate={31 mar. 2003}}
@manual{ISO2108:1992,
 organization={International Standards Organization},
 org-short={ISO},
 title    ={{ISO} 2108:1992},
 subtitle ={Information and documentation
           --- {I}nternational Standard Book Numbering ({ISBN})},
 year     =1992,
 url      ={http://www.nlc-bnc.ca/iso/tc46sc9/standard/2108e.htm},
 urlaccessdate={31 mar. 2003}}
@manual{ISO2788:1986,
 organization={International Standards Organization},
 org-short={ISO},
 title    ={{ISO} 2788:1986},
 subtitle ={Documentation
            --- {G}uidelines for the establishment and development of monolingual thesauri},
 year     =1986}
@manual{ISO3297:1998,
 organization={International Standards Organization},
 org-short={ISO},
 title    ={{ISO} 3297:1998},
 subtitle ={Information and documentation
            --- {I}nternational standard serial number ({ISSN})},
 year     =1998}
@manual{ISO3901:2001,
 organization={International Standards Organization},
 org-short={ISO},
 title    ={{ISO} 3901:2001},
 subtitle ={Information and documentation
            --- {I}nternational Standard Recording Code ({ISRC})},
 year     =2001}
@manual{ISO5122:1979,
 organization={International Standards Organization},
 org-short={ISO},
 title    ={{ISO} 5122:1979},
 subtitle ={Documentation --- {A}bstract sheets in serial publications},
 year     =1979}
@manual{ISO5123:1984,
 organization={International Standards Organization},
 org-short={ISO},
 title    ={{ISO} 5123:1984},
 subtitle ={Documentation --- {H}eaders for microfiche of monographs and serials},
 year     =1984}
@manual{ISO5963:1985,
 organization={International Standards Organization},
 org-short={ISO},
 title    ={{ISO} 5963:1985},
 subtitle ={Documentation
            --- {M}ethods for examining documents, determining their subjects, and selecting indexing terms},
 year     =1985}
@manual{ISO5964:1985,
 organization={International Standards Organization},
 org-short={ISO},
 title    ={{ISO} 5964:1985},
 subtitle ={Documentation
            --- {G}uidelines for the establishment and development of multilingual thesauri},
 year     =1985}
@manual{ISO7154:1983,
 organization={International Standards Organization},
 org-short={ISO},
 title    ={{ISO} 7154:1983},
 subtitle ={Documentation --- {B}ibliographic filing principles},
 year     =1983}
@manual{ISO7220:1996,
 organization={International Standards Organization},
 org-short={ISO},
 title    ={{ISO} 7220:1996},
 subtitle ={Information and documentation
           --- {P}resentation of catalogues of standards},
 year     =1996}
@manual{ISO10324:1997,
 organization={International Standards Organization},
 org-short={ISO},
 title    ={{ISO} 10324:1997},
 subtitle ={Information and documentation
            --- {H}oldings statements --- {S}ummary level},
 year     =1997}
@manual{ISO10444:1994,
 organization={International Standards Organization},
 org-short={ISO},
 title    ={{ISO} 10444:1994},
 subtitle ={Information and documentation
           --- {I}nternational standard technical report number ({ISRN})},
 year     =1994}
@manual{ISO10957:1993,
 organization={International Standards Organization},
 org-short={ISO},
 title    ={{ISO} 10957:1993},
 subtitle ={Information and documentation
            --- {I}nternational standard music number ({ISMN})},
 year     =1993,
 urlaccessdate={24 abr. 2003},
 url      ={http://www.nlc-bnc.ca/iso/tc46sc9/standard/10957e.htm}}
@manual{ISO11108:1996,
 organization={International Standards Organization},
 org-short={ISO},
 title    ={{ISO} 11108:1996},
 subtitle ={Information and documentation
            --- {A}rchival paper --- {R}equirements for permanence and durability},
 year     =1996}
@manual{ISO11798:1999,
 organization={International Standards Organization},
 org-short={ISO},
 title    ={{ISO} 11798:1999},
 subtitle ={Information and documentation 
            --- {P}ermanence and durability of writing, printing and copying on paper
            --- {R}equirements and test methods},
 year     =1999}
@manual{ISO15706:2002,
 organization={International Standards Organization},
 org-short={ISO},
 title    ={{ISO} 15706:2002},
 subtitle ={Information and documentation
            --- {I}nternational Standard Audiovisual Number ({ISAN})},
 year     =2002,
 urlaccessdate={24 abr. 2003},
 url      ={http://www.nlc-bnc.ca/iso/tc46sc9/standard/15706e.htm}}
@manual{ISO15707:2001,
 organization={International Standards Organization},
 org-short={ISO},
 title    ={{ISO} 15707:2001},
 subtitle ={Information and documentation 
           --- {I}nternational Standard Musical Work Code ({ISWC})},
 year     =2001,
 urlaccessdate={24 abr. 2003},
 url      ={http://www.nlc-bnc.ca/iso/tc46sc9/15707.htm}}
@manual{DOI,
 organization={International DOI Foundation},
 org-short={IDF},
 title   ={The {DOI} handbook},
 month   =feb,
 year    =2003,
 address ={Oxford},
 url     ={doi:10.1000/182}}
