% This file was created with JabRef 2.3.1.
% Encoding: Cp1252

@MISC{abnTeX2009,
  author = {abnTeX},
  title = {Absurdas normas para \TeX},
  year = {2009},
  owner = {Hugo},
  timestamp = {2009.11.08},
  url = {http://sourceforge.net/apps/ mediawiki/abntex/index.php},
  urlaccessdate = {8 de novembro de 2009}
}

@MISC{BibTeX2009,
  author = {BibTeX},
  title = {Bib\TeX.org},
  year = {2009},
  owner = {Hugo},
  timestamp = {2009.11.08},
  url = {http://www.bibtex.org},
  urlaccessdate = {8 de novembro de 2009}
}

@BOOK{Buerger1989,
  title = {\LaTeX\ for scientists and engineers},
  publisher = {McGraw-Hill},
  year = {1989},
  author = {Buerger, David John},
  address = {Singapura},
  owner = {Hugo},
  timestamp = {2009.11.08}
}

@MISC{CTAN2009,
  author = {CTAN},
  title = {The comprehensive \TeX\ archive network},
  year = {2009},
  owner = {Hugo},
  timestamp = {2009.11.08},
  url = {http://www.ctan. org},
  urlaccessdate = {8 de novembro de 2009}
}

@BOOK{DAELN2006,
  title = {Normas de apresenta\c{c}\~ao de trabalhos acad\^emicos do {DAELN}},
  publisher = {Departamento Acad\^emico de Eletr\^onica da UTFPR},
  year = {2006},
  editor = {David, Denise Elizabeth Hey and Crocetti, Simone},
  author = {DAELN},
  address = {Curitiba},
  owner = {Hugo},
  timestamp = {2009.11.08}
}

@BOOK{Goossens2007,
  title = {The \LaTeX\ graphics companion},
  publisher = {Addison-Wesley},
  year = {2007},
  author = {Goossens, Michel and Mittelbach, Frank and Rahtz, Sebastian and Roegel,
	Denis and Voss, Herbert},
  address = {Boston},
  edition = {2},
  owner = {Hugo},
  timestamp = {2009.11.08}
}

@MISC{JabRef2009,
  author = {JabRef},
  title = {JabRef reference manager},
  year = {2009},
  owner = {Hugo},
  timestamp = {2009.11.08},
  url = {http://jabref.sourceforge.net},
  urlaccessdate = {8 de novembro de 2009}
}

@BOOK{Kopka2003,
  title = {Guide to \LaTeX},
  publisher = {Addison-Wesley},
  year = {2003},
  author = {Kopka, Helmut and Daly, Patrick W.},
  address = {Boston},
  edition = {4},
  owner = {Hugo},
  timestamp = {2009.11.08}
}

@BOOK{Lamport1986,
  title = {\LaTeX: \normalfont a document preparation system},
  publisher = {Addison-Wesley},
  year = {1986},
  author = {Lamport, Leslie},
  address = {Reading},
  owner = {Hugo},
  timestamp = {2009.11.08}
}

@MISC{LaTeX2009,
  author = {LaTeX},
  title = {The \LaTeX\ project},
  year = {2009},
  owner = {Hugo},
  timestamp = {2009.11.08},
  url = {http://www.latex-project.org},
  urlaccessdate = {8 de novembro de 2009}
}

@MISC{Mendeley2009,
  author = {Mendeley},
  title = {Mendeley: \normalfont academic software for research papers},
  year = {2009},
  owner = {Hugo},
  timestamp = {2009.11.08},
  url = {http://www.mendeley.com},
  urlaccessdate = {8 de novembro de 2009}
}

@MISC{MiKTeX2009,
  author = {MiKTeX},
  title = {The MiK\TeX\ project},
  year = {2009},
  owner = {Hugo},
  timestamp = {2009.11.08},
  url = {http://www.miktex.org},
  urlaccessdate = {8 de novembro de 2009}
}

@BOOK{Mittelbach2004,
  title = {The \LaTeX\ companion},
  publisher = {Addison-Wesley},
  year = {2004},
  author = {Mittelbach, Frank and Goossens, Michel and Braams, Johannes and Carlisle,
	David and Rowley, Chris},
  address = {Boston},
  edition = {2},
  owner = {Hugo},
  timestamp = {2009.11.08}
}

@MISC{TeX-Br2009,
  author = {TeX-BR},
  title = {Comunidade \TeX-Br},
  year = {2009},
  owner = {Hugo},
  timestamp = {2009.11.08},
  url = {http://www.tex-br.org/index.php},
  urlaccessdate = {8 de novembro de 2009}
}

@MISC{TeXnicCenter2009,
  author = {TeXnicCenter},
  title = {\TeX nicCenter: \normalfont the center of your \LaTeX\ universe},
  year = {2009},
  owner = {Hugo},
  timestamp = {2009.11.08},
  url = {http://www.texniccenter.org},
  urlaccessdate = {8 de novembro de 2009}
}

@BOOK{UTFPR2008,
  title = {Normas para elabora\c{c}\~ao de trabalhos acad\^emicos},
  publisher = {Universidade Tecnol\'ogica Federal do Paran\'a},
  year = {2008},
  editor = {Reitoria},
  author = {UTFPR},
  address = {Curitiba},
  owner = {Hugo},
  timestamp = {2009.11.08}
}

@MISC{Wikibooks2009,
  author = {Wikibooks},
  title = {\LaTeX},
  year = {2009},
  owner = {Hugo},
  timestamp = {2009.11.08},
  url = {http://en.wikibooks.org/wiki/LaTeX},
  urlaccessdate = {8 de novembro de 2009}
}

